@article{akinci2012versatile,
  title={Versatile rigid-fluid coupling for incompressible SPH},
  author={Akinci, Nadir and Ihmsen, Markus and Akinci, Gizem and Solenthaler, Barbara and Teschner, Matthias},
  journal={ACM Transactions on Graphics (TOG)},
  volume={31},
  number={4},
  pages={62},
  year={2012},
  publisher={ACM}
}
